@misc{twiz,
  key = "twiz",
  title = {{Twiz: Tiny Wireless IMU}},
   note = {\url{http://twiz.io}}
}

@inproceedings{hansen,
  title = {{From scripts to scores - movement as an embodied material for digital interaction}},
  author = {Lise Amy Hansen},
  booktitle={Proceedings of the International Symposium on Electronic Art },
  year={2015}
}


